<?xml version="1.0" encoding="UTF-8"?>
<record xmlns="http://www.loc.gov/MARC21/slim" xmlns:xsi="http://www.w3.org/2001/XMLSchema-instance" xsi:schemaLocation="http://www.loc.gov/MARC21/slim http://www.loc.gov/standards/marcxml/schema/MARC21slim.xsd">
<leader>00000cam a22      a 4500</leader>
<controlfield tag="001">001682843</controlfield>
<controlfield tag="003">NNU</controlfield>
<controlfield tag="005">20150401161428.0</controlfield>
<controlfield tag="008">891201s1962    iq            000 0 ara d</controlfield>
<datafield tag="010" ind1=" " ind2=" ">
<subfield code="a">ne 64000344</subfield>
</datafield>
<datafield tag="035" ind1=" " ind2=" ">
<subfield code="a">(OCoLC)80032173</subfield>
<subfield code="z">(OCoLC)222721773</subfield>
</datafield>
<datafield tag="040" ind1=" " ind2=" ">
<subfield code="a">DGU</subfield>
<subfield code="b">eng</subfield>
<subfield code="c">DGU</subfield>
<subfield code="d">OCLCG</subfield>
<subfield code="d">UTO</subfield>
<subfield code="d">OCLCA</subfield>
<subfield code="d">OCLCF</subfield>
<subfield code="d">OCLCO</subfield>
<subfield code="d">NNU</subfield>
</datafield>
<datafield tag="050" ind1=" " ind2="4">
<subfield code="a">PJ7543</subfield>
<subfield code="b">I24 1962</subfield>
</datafield>
<datafield tag="100" ind1="1" ind2=" ">
<subfield code="6">880-01</subfield>
<subfield code="a">Ibn Jinnī, Abū al-Fatḥ ʻUthmān,</subfield>
<subfield code="d">-1002.</subfield>
</datafield>
<datafield tag="245" ind1="1" ind2="3">
<subfield code="6">880-02</subfield>
<subfield code="a">al-Tamām fī tafsīr ashʻār Hudhayl mimmā aghfalahu Abū Saʻīd al-Sukkarī /</subfield>
<subfield code="c">li-Abī al-Fatḥ ʻUthmān ibn Jinnī ; ḥaqqaqahu wa-qaddama lahu Aḥmad Nājī al-Qaysī, Khadījah ʻAbd al-Razzāq al-Ḥadīthī, Aḥmad Maṭlūb ; rajaʻahu Muṣṭafá Jawād.</subfield>
</datafield>
<datafield tag="250" ind1=" " ind2=" ">
<subfield code="6">880-03</subfield>
<subfield code="a">al-Ṭabʻah 1.</subfield>
</datafield>
<datafield tag="260" ind1=" " ind2=" ">
<subfield code="6">880-04</subfield>
<subfield code="a">Baghdād :</subfield>
<subfield code="b">Maṭbaʻat al-ʻĀnī,</subfield>
<subfield code="c">1962.</subfield>
</datafield>
<datafield tag="300" ind1=" " ind2=" ">
<subfield code="a">296 p. :</subfield>
<subfield code="b">facsims. ;</subfield>
<subfield code="c">24 cm.</subfield>
</datafield>
<datafield tag="500" ind1=" " ind2=" ">
<subfield code="a">Includes poems belonging to the group known as Dīwān al-Hudhaylīyīn.</subfield>
</datafield>
<datafield tag="504" ind1=" " ind2=" ">
<subfield code="a">Bibliography: p. 261-264.</subfield>
</datafield>
<datafield tag="650" ind1=" " ind2="0">
<subfield code="a">Arabic poetry</subfield>
<subfield code="x">History and criticism.</subfield>
</datafield>
<datafield tag="650" ind1=" " ind2="7">
<subfield code="a">Arabic poetry.</subfield>
<subfield code="2">fast</subfield>
<subfield code="0">(OCoLC)fst00812533</subfield>
</datafield>
<datafield tag="655" ind1=" " ind2="7">
<subfield code="a">Criticism, interpretation, etc.</subfield>
<subfield code="2">fast</subfield>
<subfield code="0">(OCoLC)fst01411635</subfield>
</datafield>
<datafield tag="700" ind1="1" ind2=" ">
<subfield code="6">880-05</subfield>
<subfield code="a">Ḥadīthī, Khadījah.</subfield>
</datafield>
<datafield tag="700" ind1="1" ind2=" ">
<subfield code="6">880-06</subfield>
<subfield code="a">Maṭlūb, Aḥmad.</subfield>
</datafield>
<datafield tag="700" ind1="1" ind2=" ">
<subfield code="6">880-07</subfield>
<subfield code="a">Jawād, Muṣṭafá,</subfield>
<subfield code="d">1905-1969.</subfield>
</datafield>
<datafield tag="740" ind1="0" ind2=" ">
<subfield code="6">880-08</subfield>
<subfield code="a">Dīwān al-Hudhalīyīn.</subfield>
</datafield>
<datafield tag="880" ind1="1" ind2=" ">
<subfield code="6">100-01/</subfield>
<subfield code="a">ابن جني، ابو الفتح عثمان،</subfield>
<subfield code="d">-1002.</subfield>
</datafield>
<datafield tag="880" ind1="1" ind2="2">
<subfield code="6">245-02/</subfield>
<subfield code="a">التمام في تفسير اشعار هذيل مما اغفله ابو سعيد السكري /</subfield>
<subfield code="c">لابي الفتح عثمان بن جني ؛ حققه وقدم له احمد ناجي القيسي، خديجة عبد الرزاق الحديثي، احمد مطلوب ؛ رجعه مصطفى جواد.</subfield>
</datafield>
<datafield tag="880" ind1=" " ind2=" ">
<subfield code="6">250-03/</subfield>
<subfield code="a">الطبعة 1.</subfield>
</datafield>
<datafield tag="880" ind1=" " ind2=" ">
<subfield code="6">260-04/</subfield>
<subfield code="a">بغداد :</subfield>
<subfield code="b">مطبعة العاني،</subfield>
<subfield code="c">1962.</subfield>
</datafield>
<datafield tag="880" ind1="1" ind2=" ">
<subfield code="6">700-05/</subfield>
<subfield code="a">حديثي، خديجة.</subfield>
</datafield>
<datafield tag="880" ind1="1" ind2=" ">
<subfield code="6">700-06/</subfield>
<subfield code="a">مطلوب، احمد.</subfield>
</datafield>
<datafield tag="880" ind1="1" ind2=" ">
<subfield code="6">700-07/</subfield>
<subfield code="a">جواد، مصطفى،</subfield>
<subfield code="d">19051969.</subfield>
</datafield>
<datafield tag="880" ind1="0" ind2=" ">
<subfield code="6">740-08/</subfield>
<subfield code="a">ديوان الهذليين.</subfield>
</datafield>
<datafield tag="OWN" ind1=" " ind2=" ">
<subfield code="a">GENERAL</subfield>
</datafield>
<datafield tag="AVA" ind1=" " ind2=" ">
<subfield code="a">NYU50</subfield>
<subfield code="b">BOBST</subfield>
<subfield code="c">Main Collection</subfield>
<subfield code="d">PJ7543 .I2</subfield>
<subfield code="e">unavailable</subfield>
<subfield code="t">Unavailable</subfield>
<subfield code="f">1</subfield>
<subfield code="g">1</subfield>
<subfield code="h">N</subfield>
<subfield code="i">0</subfield>
<subfield code="j">MAIN</subfield>
<subfield code="k">0</subfield>
</datafield>
</record>
